@article{nutritionalapps,
  title={Evaluating the dietary and nutritional apps in the google play store},
  author={Schumer, Harleigh and Amadi, Chioma and Joshi, Ashish},
  journal={Healthcare informatics research},
  volume={24},
  number={1},
  pages={38--45},
  year={2018},
  publisher={The Korean Society of Medical Informatics}
}

@Inbook{kstest,
title="Kolmogorov--Smirnov Test",
bookTitle="The Concise Encyclopedia of Statistics",
year="2008",
publisher="Springer New York",
address="New York, NY",
pages="283--287",
isbn="978-0-387-32833-1",
doi="10.1007/978-0-387-32833-1_214",
url="https://doi.org/10.1007/978-0-387-32833-1_214"
}



@INPROCEEDINGS{sentiment,
  author={Islam, Mir Riyanul},
  booktitle={2014 International Conference on Electrical Engineering and Information   Communication Technology}, 
  title={Numeric rating of Apps on Google Play Store by sentiment analysis on user reviews}, 
  year={2014},
  volume={},
  number={},
  pages={1-4},
  doi={10.1109/ICEEICT.2014.6919058}}
  
@inproceedings{financialapps,
  title={Short paper: A longitudinal study of financial apps in the google play store},
  author={Taylor, Vincent F and Martinovic, Ivan},
  booktitle={International Conference on Financial Cryptography and Data Security},
  pages={302--309},
  year={2017},
  organization={Springer}
}

@article{freshapps,
  title={Fresh apps: an empirical study of frequently-updated mobile apps in the Google play store},
  author={McIlroy, Stuart and Ali, Nasir and Hassan, Ahmed E},
  journal={Empirical Software Engineering},
  volume={21},
  number={3},
  pages={1346--1370},
  year={2016},
  publisher={Springer}
}


@inproceedings{mobileapprating,
  title={A preliminary analysis of mobile app user reviews},
  author={Vasa, Rajesh and Hoon, Leonard and Mouzakis, Kon and Noguchi, Akihiro},
  booktitle={Proceedings of the 24th Australian computer-human interaction conference},
  pages={241--244},
  year={2012}
}


@article{scipy,
  title={SciPy 1.0: fundamental algorithms for scientific computing in Python},
  author={Virtanen, Pauli and Gommers, Ralf and Oliphant, Travis E and Haberland, Matt and Reddy, Tyler and Cournapeau, David and Burovski, Evgeni and Peterson, Pearu and Weckesser, Warren and Bright, Jonathan and others},
  journal={Nature methods},
  volume={17},
  number={3},
  pages={261--272},
  year={2020},
  publisher={Nature Publishing Group}
}

@article{seaborn,
  title={Seaborn: statistical data visualization},
  author={Waskom, Michael L},
  journal={Journal of Open Source Software},
  volume={6},
  number={60},
  pages={3021},
  year={2021}
}